<record><leader>00000cas a22000007i 4500</leader><controlfield tag="001">812539755</controlfield><controlfield tag="008">121011c20129999akuwr ne      0   a0eng c</controlfield><datafield ind1=" " ind2=" " tag="010"><subfield code="a">  2013201386</subfield></datafield><datafield ind1=" " ind2=" " tag="040"><subfield code="a">ALK</subfield><subfield code="b">eng</subfield><subfield code="e">rda</subfield><subfield code="c">ALK</subfield><subfield code="d">OCLCQ</subfield><subfield code="d">ALK</subfield><subfield code="d">DLC</subfield><subfield code="d">OCLCQ</subfield><subfield code="d">OCLCF</subfield></datafield><datafield ind1=" " ind2=" " tag="012"><subfield code="m">1</subfield></datafield><datafield ind1="0" ind2=" " tag="022"><subfield code="a">2330-0671</subfield><subfield code="2">1</subfield></datafield><datafield ind1=" " ind2=" " tag="032"><subfield code="a">010399</subfield><subfield code="b">USPS</subfield></datafield><datafield ind1=" " ind2=" " tag="042"><subfield code="a">pcc</subfield><subfield code="a">nsdp</subfield></datafield><datafield ind1=" " ind2=" " tag="043"><subfield code="a">n-us-ak</subfield></datafield><datafield ind1="1" ind2="0" tag="050"><subfield code="a">ISSN RECORD</subfield></datafield><datafield ind1="1" ind2="0" tag="082"><subfield code="a">070</subfield><subfield code="2">15</subfield></datafield><datafield ind1=" " ind2="4" tag="222"><subfield code="a">The Bristol Bay times &amp; the Dutch Harbor fisherman</subfield><subfield code="b">(2012)</subfield></datafield><datafield ind1="0" ind2="4" tag="245"><subfield code="a">The Bristol Bay times &amp; the Dutch Harbor fisherman.</subfield></datafield><datafield ind1="1" ind2=" " tag="246"><subfield code="a">Bristol Bay times and the Dutch Harbor fisherman</subfield></datafield><datafield ind1=" " ind2="1" tag="264"><subfield code="a">Anchorage, AK :</subfield><subfield code="b">Alaska Media LLC,</subfield><subfield code="c">2012-</subfield></datafield><datafield ind1=" " ind2=" " tag="300"><subfield code="a">volumes</subfield></datafield><datafield ind1=" " ind2=" " tag="310"><subfield code="a">Weekly (Thurs.)</subfield></datafield><datafield ind1=" " ind2=" " tag="336"><subfield code="a">text</subfield><subfield code="b">txt</subfield><subfield code="2">rdacontent</subfield></datafield><datafield ind1=" " ind2=" " tag="337"><subfield code="a">unmediated</subfield><subfield code="b">n</subfield><subfield code="2">rdamedia</subfield></datafield><datafield ind1=" " ind2=" " tag="338"><subfield code="a">volume</subfield><subfield code="b">nc</subfield><subfield code="2">rdacarrier</subfield></datafield><datafield ind1="1" ind2=" " tag="362"><subfield code="a">Began with vol. 32, no. 1 (Feb. 2, 2012).</subfield></datafield><datafield ind1=" " ind2=" " tag="588"><subfield code="a">Description based on: Vol. 32, no. 20 (June 14, 2012); title from caption.</subfield></datafield><datafield ind1=" " ind2="0" tag="651"><subfield code="a">Dillingham (Alaska)</subfield><subfield code="v">Newspapers.</subfield></datafield><datafield ind1=" " ind2="0" tag="651"><subfield code="a">Dutch Harbor (Alaska)</subfield><subfield code="v">Newspapers.</subfield></datafield><datafield ind1=" " ind2="0" tag="651"><subfield code="a">Unalaska (Alaska)</subfield><subfield code="v">Newspapers.</subfield></datafield><datafield ind1=" " ind2="7" tag="655"><subfield code="a">Newspapers.</subfield><subfield code="2">fast</subfield><subfield code="0">(OCoLC)fst01423814</subfield></datafield><datafield ind1=" " ind2="7" tag="651"><subfield code="a">Alaska</subfield><subfield code="z">Dillingham.</subfield><subfield code="2">fast</subfield><subfield code="0">(OCoLC)fst01220196</subfield></datafield><datafield ind1=" " ind2="7" tag="651"><subfield code="a">Alaska</subfield><subfield code="z">Dutch Harbor.</subfield><subfield code="2">fast</subfield><subfield code="0">(OCoLC)fst01251205</subfield></datafield><datafield ind1=" " ind2="7" tag="651"><subfield code="a">Alaska</subfield><subfield code="z">Unalaska.</subfield><subfield code="2">fast</subfield><subfield code="0">(OCoLC)fst01224183</subfield></datafield><datafield ind1=" " ind2=" " tag="752"><subfield code="a">United States</subfield><subfield code="b">Alaska</subfield><subfield code="d">Dillingham.</subfield></datafield><datafield ind1=" " ind2=" " tag="752"><subfield code="a">United States</subfield><subfield code="b">Alaska</subfield><subfield code="d">Dutch Harbor.</subfield></datafield><datafield ind1=" " ind2=" " tag="752"><subfield code="a">United States</subfield><subfield code="b">Alaska</subfield><subfield code="d">Unalaska.</subfield></datafield><datafield ind1="0" ind2="4" tag="780"><subfield code="t">Bristol Bay Times (Dillingham, Alaska : 1992)</subfield><subfield code="x">1937-2167</subfield><subfield code="w">(DLC)sn 98059805</subfield><subfield code="w">(OCoLC)31110601</subfield></datafield><datafield ind1="0" ind2="4" tag="780"><subfield code="t">Dutch Harbor fisherman (Unalaska, Alaska : 1992)</subfield><subfield code="x">1937-2175</subfield><subfield code="w">(DLC)sn 98059806</subfield><subfield code="w">(OCoLC)31110594</subfield></datafield></record>